@Webpage{web:fashion_mnist,
    title = {fashion-mnist},
    author = {{Zalando Research}},
    publisher = {Zalando Research},
    type = {Internet},
    year = {2019},
    url = {https://github.com/zalandoresearch/fashion-mnist}
}

@online{xiao2017/online,
  author       = {Han Xiao and Kashif Rasul and Roland Vollgraf},
  title        = {Fashion-MNIST: a Novel Image Dataset for Benchmarking Machine Learning Algorithms},
  date         = {2017-08-28},
  year         = {2017},
  eprintclass  = {cs.LG},
  eprinttype   = {arXiv},
  eprint       = {cs.LG/1708.07747},
}

@article { lecun-98,
    original =    "orig/lecun-98.ps.gz",
    author = 	"LeCun, Y. and Bottou, L. and Bengio, Y. and Haffner, P.",
    title = 	"Gradient-Based Learning Applied to Document Recognition",
    journal =	"Proceedings of the IEEE",
    month =         "November",
    volume =        "86",
    number =        "11",
    pages =         "2278-2324",
    year =		1998
}

@Webpage{web:fashion_mnist_benchmarks,
    title = {fashion-mnist benchmarks},
    author = {{Zalando Research}},
    publisher = {Zalando Research},
    type = {Internet},
    year = {2019},
    url = {http://fashion-mnist.s3-website.eu-central-1.amazonaws.com/#}
}